@article{DBLP:journals/corr/abs-1206-5533,
  author    = {Yoshua Bengio},
  title     = {Practical recommendations for gradient-based training of deep architectures},
  journal   = {CoRR},
  volume    = {abs/1206.5533},
  year      = {2012},
  url       = {http://arxiv.org/abs/1206.5533},
  timestamp = {Wed, 10 Oct 2012 21:28:53 +0200},
  biburl    = {http://dblp.uni-trier.de/rec/bib/journals/corr/abs-1206-5533},
  bibsource = {dblp computer science bibliography, http://dblp.org}
}

@inproceedings{DBLP:conf/icml/DonahueJVHZTD14,
  author    = {Jeff Donahue and
               Yangqing Jia and
               Oriol Vinyals and
               Judy Hoffman and
               Ning Zhang and
               Eric Tzeng and
               Trevor Darrell},
  title     = {DeCAF: {A} Deep Convolutional Activation Feature for Generic Visual
               Recognition},
  booktitle = {Proceedings of the 31th International Conference on Machine Learning,
               {ICML} 2014, Beijing, China, 21-26 June 2014},
  pages     = {647--655},
  year      = {2014},
  crossref  = {DBLP:conf/icml/2014},
  url       = {http://jmlr.org/proceedings/papers/v32/donahue14.html},
  timestamp = {Tue, 12 Jul 2016 21:51:15 +0200},
  biburl    = {http://dblp.uni-trier.de/rec/bib/conf/icml/DonahueJVHZTD14},
  bibsource = {dblp computer science bibliography, http://dblp.org}
}

@inproceedings{DBLP:conf/icwsm/BakhshiSKG15,
  author    = {Saeideh Bakhshi and
               David A. Shamma and
               Lyndon Kennedy and
               Eric Gilbert},
  title     = {Why We Filter Our Photos and How It Impacts Engagement},
  booktitle = {Proceedings of the Ninth International Conference on Web and Social
               Media, {ICWSM} 2015, University of Oxford, Oxford, UK, May 26-29,
               2015},
  pages     = {12--21},
  year      = {2015},
  crossref  = {DBLP:conf/icwsm/2015},
  url       = {http://www.aaai.org/ocs/index.php/ICWSM/ICWSM15/paper/view/10573},
  timestamp = {Fri, 12 Jun 2015 17:45:33 +0200},
  biburl    = {http://dblp2.uni-trier.de/rec/bib/conf/icwsm/BakhshiSKG15},
  bibsource = {dblp computer science bibliography, http://dblp.org}
}

@article {COL:COL20435,
  author = {Clarke, Tom and Costall, Alan},
  title = {The emotional connotations of color: A qualitative investigation},
  journal = {Color Research \& Application},
  volume = {33},
  number = {5},
  publisher = {Wiley Subscription Services, Inc., A Wiley Company},
  issn = {1520-6378},
  url = {http://dx.doi.org/10.1002/col.20435},
  doi = {10.1002/col.20435},
  pages = {406--410},
  keywords = {color connotations, emotions, semi-structured interview},
  year = {2008}
}

@article{DBLP:journals/corr/ParkLK16,
  author    = {Minseok Park and
               Hanxiang Li and
               Junmo Kim},
  title     = {{HARRISON:} {A} Benchmark on HAshtag Recommendation for Real-world
               Images in Social Networks},
  journal   = {CoRR},
  volume    = {abs/1605.05054},
  year      = {2016}
}

@article{DBLP:journals/corr/SzegedyVISW15,
  author    = {Christian Szegedy and
               Vincent Vanhoucke and
               Sergey Ioffe and
               Jonathon Shlens and
               Zbigniew Wojna},
  title     = {Rethinking the Inception Architecture for Computer Vision},
  journal   = {CoRR},
  volume    = {abs/1512.00567},
  year      = {2015},
  url       = {http://arxiv.org/abs/1512.00567},
  timestamp = {Sat, 02 Jan 2016 11:38:49 +0100},
  biburl    = {http://dblp.uni-trier.de/rec/bib/journals/corr/SzegedyVISW15},
  bibsource = {dblp computer science bibliography, http://dblp.org}
}

@inproceedings{Denton:2015:UCH:2783258.2788576,
 author = {Denton, Emily and Weston, Jason and Paluri, Manohar and Bourdev, Lubomir and Fergus, Rob},
 title = {User Conditional Hashtag Prediction for Images},
 booktitle = {Proceedings of the 21th ACM SIGKDD International Conference on Knowledge Discovery and Data Mining},
 series = {KDD '15},
 year = {2015},
 isbn = {978-1-4503-3664-2},
 location = {Sydney, NSW, Australia},
 pages = {1731--1740},
 numpages = {10},
 url = {http://doi.acm.org/10.1145/2783258.2788576},
 doi = {10.1145/2783258.2788576},
 acmid = {2788576},
 publisher = {ACM},
 address = {New York, NY, USA},
 keywords = {deep learning, hashtagging, large scale image annotation, social media, user modeling},
} 

@inproceedings{conf/bigmm/TousTA15,
  added-at = {2015-09-21T00:00:00.000+0200},
  author = {Tous, Rubén and Torres, Jordi and Ayguadé, Eduard},
  biburl = {http://www.bibsonomy.org/bibtex/2d2509340dd0591ba8a3e3fe3f4dafcd5/dblp},
  booktitle = {BigMM},
  crossref = {conf/bigmm/2015},
  ee = {http://dx.doi.org/10.1109/BigMM.2015.39},
  interhash = {37e589b3754c515555ee3e9c544f09ef},
  intrahash = {d2509340dd0591ba8a3e3fe3f4dafcd5},
  isbn = {978-1-4799-8688-0},
  keywords = {dblp},
  pages = {144-147},
  publisher = {IEEE},
  timestamp = {2015-09-22T11:34:05.000+0200},
  title = {Multimedia Big Data Computing for In-Depth Event Analysis.},
  url = {http://dblp.uni-trier.de/db/conf/bigmm/bigmm2015.html#TousTA15},
  year = 2015
}

