@misc{twitonomy,  
 key = "Twitonomy",
 title = "Twitonomy Official Website", 
 note = "http://www.twitonomy.com (Accessed October 6, 2014)"
}
@misc{sumall,  
 key = "SumAll",
 title = "SumAll Official Website", 
 note = "http://sumall.com (Accessed October 6, 2014)"
}
@misc{twitsprout,  
 key = "TwitSprout",
 title = "TwitSprout Official Website", 
 note = "http://twitsprout.com (Accessed October 6, 2014)"
}
@misc{brandchats,  
 key = "brandchats",
 title = "Brandchats Official Website", 
 note = "http://www.brandchats.com (Accessed October 6, 2014)"
}
@misc{brandwatch,  
 key = "Brandwatch",
 title = "Brandwatch Official Website", 
 note = "http://www.brandwatch.com (Accessed October 6, 2014)"
}
@misc{opennebula,  
 key = "OpenNebula",
 title = "OpenNebula Key Features and Functionality", 
 note = "http://www.opennebula.org (Accessed October 6, 2014)"
}

@misc{opennebula,  
 key = "OpenNebula",
 title = "OpenNebula Key Features and Functionality", 
 note = "http://archives.opennebula.org/documentation:features (Accessed October 6, 2014)"
}
@book{couchbase,
  author = {Brown, Martin C.},
  biburl = {http://www.bibsonomy.org/bibtex/290e638e443108685f383cddeb2a269fe/dblp},
  ee = {http://www.oreilly.de/catalog/9781449331061/index.html},
  interhash = {838ec15903ce3b66e6f917a00f34418b},
  intrahash = {90e638e443108685f383cddeb2a269fe},
  isbn = {978-1-449-33106-1},
  keywords = {dblp},
  pages = {I-X, 1-76},
  publisher = {O'Reilly},
  timestamp = {2012-09-04T00:00:00.000+0200},
  title = {Getting Started with Couchbase Server - Extreme Scalability at Your Fingertips.},
  year = 2012
}
@misc{elasticsearch,  
 key = "elasticsearch",
 title = "Elasticsearch Official Website", 
 note = "http://www.elasticsearch.org/ (Accessed October 6, 2014)"
}
@misc{logstash,  
 key = "logstash",
 title = "Logstash Official Website", 
 note = "http://logstash.net/ (Accessed October 6, 2014)July"
}
@misc{lucene,  
 key = "lucene",
 title = "Apache Lucene Official Website", 
 note = "http://lucene.apache.org/ (Accessed October 6, 2014)"
}
@misc{kinesis,  
 key = "kinesis",
 title = "Amazon Kinesis Official Website", 
 note = "http://aws.amazon.com/es/kinesis/ (Accessed October 6, 2014)"
}
@misc{zookeeper,  
 key = "zookeeper",
 title = "Apache ZooKeper Official Website", 
 note = "http://zookeeper.apache.org/ (Accessed October 6, 2014)"
}
@misc{dataflow,  
 key = "dataflow",
 title = "Sneak peek: Google Cloud Dataflow, a Cloud-native data processing service", 
 note = "http://googlecloudplatform.blogspot.com.es/2014/06/sneak-peek-google-cloud-dataflow-a-cloud-native-data-processing-service.html (Accessed July 20, 2014)"
}
@book{hadoop,
 author = {White, Tom},
 title = {Hadoop: The Definitive Guide},
 year = {2009},
 isbn = {0596521979, 9780596521974},
 edition = {1st},
 publisher = {O'Reilly Media, Inc.},
} 

@misc{storm,  
 key = "storm",
 title = "A Storm is coming: more details and plans for release. Engineering Blog. Twitter Inc.", 
 note = "http://engineering.twitter.com/2011/08/storm-is-coming-more-details-and-plans.html (Accessed October 6, 2014)"
}
@misc{kafka,  
 key = "kafka",
 title = "Kafka - a high throughput message broker", 
 note = "http://kafka.apache.org/ (Accessed October 6, 2014)"
}

@inproceedings{spark,
 author = {Zaharia, Matei and Chowdhury, Mosharaf and Franklin, Michael J. and Shenker, Scott and Stoica, Ion},
 title = {Spark: Cluster Computing with Working Sets},
 booktitle = {Proceedings of the 2Nd USENIX Conference on Hot Topics in Cloud Computing},
 series = {HotCloud'10},
 year = {2010},
 location = {Boston, MA},
 pages = {10--10},
 numpages = {1},
 url = {http://dl.acm.org/citation.cfm?id=1863103.1863113},
 acmid = {1863113},
 publisher = {USENIX Association},
 address = {Berkeley, CA, USA},
} 

@misc{kibana,  
 key = "kibana",
 title = "Kibana Website", 
 note = "http://www.elasticsearch.org/overview/kibana/ (Accessed October 6, 2014)"
}
@book{hann2011, 
 author = {Il-Horn Hann and Siva Viswanathan and Byungwan Koh}, 
 title = {The Facebook App Economy}, 
 publisher = {Center for Digital Innovation, University of Maryland},
 year = 2011
}
@article{stoove2014making,
  title={Making the most of a brave new world: Opportunities and considerations for using Twitter as a public health monitoring tool},
  author={Stoov{\'e}, Mark A and Pedrana, Alisa E},
  journal={Preventive Medicine},
  year={2014},
  publisher={Elsevier}
}
@article{lieberman2014visualizing,
  title={Visualizing Big Data: Social Network Analysis},
  author={Lieberman, Michael},
  year={2014}
}
@article{chae2014public,
  title={Public behavior response analysis in disaster events utilizing visual analytics of microblog data},
  author={Chae, Junghoon and Thom, Dennis and Jang, Yun and Kim, SungYe and Ertl, Thomas and Ebert, David S},
  journal={Computers \& Graphics},
  volume={38},
  pages={51--60},
  year={2014},
  publisher={Elsevier}
}
@article{shelton2014mapping,
  title={Mapping the Data Shadows of Hurricane Sandy: Uncovering the Sociospatial Dimensions of 'Big Data'},
  author={Shelton, Taylor and Poorthuis, Ate and Graham, Mark and Zook, Matthew},
  journal={Shelton, T., Poorthuis, A., Graham, M., and Zook, M},
  year={2014}
}
@inproceedings{Smith:2013:RMB:2484028.2494492,
 author = {Smith, John R.},
 title = {Riding the Multimedia Big Data Wave},
 booktitle = {Proceedings of the 36th International ACM SIGIR Conference on Research and Development in Information Retrieval},
 series = {SIGIR '13},
 year = {2013},
 isbn = {978-1-4503-2034-4},
 location = {Dublin, Ireland},
 pages = {1--2},
 numpages = {2},
 url = {http://doi.acm.org/10.1145/2484028.2494492},
 doi = {10.1145/2484028.2494492},
 acmid = {2494492},
 publisher = {ACM},
 address = {New York, NY, USA},
 keywords = {content-based search, machine learning, multimedia information retrieval, semantic modeling, video analysis},
} 

@misc{mwc14records,  
 key = "elasticsearch",
 title = "GSMA MOBILE WORLD CONGRESS 2014 SHATTERS PREVIOUS RECORDS. February 27, 2014 Press Release", 
 note = "http://www.gsma.com/newsroom/gsma-mobile-world-congress-2014-shatters-previous-record (Accessed October 6, 2014)"
}
@misc{samoa,  
 key = "samoa",
 title = "SAMOA, Scalable Advanced Massive Online Analysis", 
 note = "http://samoa-project.net/ (Accessed October 6, 2014)"
}
@misc{mahout,  
 key = "mahout",
 title = "Apache Mahout", 
 note = "https://mahout.apache.org/ (Accessed October 6, 2014)"
}
@misc{instagram_bias,  
author = {Smith, Cooper},
 journal={Business Insider},
 key = "instagram_bias",
 title = "Here's Why Instagram's Demographics Are So Attractive To Brands", 
 note = "http://www.businessinsider.com/instagram-demographics-2013-12/ (Accessed  October 6, 2014)"
}
@misc{mwc_records,  
 key = "mwc_records",
 title = "GSMA Mobile World Congress 2014 Shatters Previous Records", 
 note = "http://www.gsma.com/newsroom/gsma-mobile-world-congress-2014-shatters-previous-records/ (Accessed October 6, 2014)"
}
@misc{peter_warden,  
 key = "peter_warden",
 title = "Charles Arthur. Instagram pictures reveal Belfast as the UK's happiest city. The Guardian. Monday 13 January 2014.", 
 note = "http://www.theguardian.com/technology/2014/jan/13/instagram-pictures-belfast-uk-happiest-city-jetpac/ (Accessed October 6, 2014)"
}
@misc{brandz,  
 key = "brandz",
 title = "Vaijayanthi Kari. BrandZ launches Top 50 Most Valuable Indian Brands. Press release. Mumbai, August 11, 2014", 
 note = "http://www.afaqs.com/news/company\_briefs/index.html?id=58087\_BrandZ (Accessed October 6, 2014)"
}

@misc{olapic,  
 key = "Olapic",
 title = "Olapic. Earned Content Platform", 
 note = "http://www.olapic.com/ (Accessed June 6, 2017)"
}
@misc{chute,  
 key = "Chute",
 title = "Chute. Enterprise UGC", 
 note = "http://www.getchute.com/ (Accessed June 6, 2017)"
}
@misc{curalate,  
 key = "Curalate",
 title = "Curalate", 
 note = "https://www.curalate.com/ (Accessed June 6, 2017)"
}


