
@book{hadoop,
 author = {White, Tom},
 title = {Hadoop: The Definitive Guide},
 year = {2009},
 isbn = {0596521979, 9780596521974},
 edition = {1st},
 publisher = {O'Reilly Media, Inc.},
} 

@misc{storm,  
 key = "storm",
 title = "A Storm is coming: more details and plans for release. Engineering Blog. Twitter Inc.", 
 note = "http://engineering.twitter.com/2011/08/storm-is-coming-more-details-and-plans.html (Accessed October 6, 2014)"
}
@misc{kafka,  
 key = "kafka",
 title = "Kafka - a high throughput message broker", 
 note = "http://kafka.apache.org/ (Accessed October 6, 2014)"
}

@inproceedings{spark,
 author = {Zaharia, Matei and Chowdhury, Mosharaf and Franklin, Michael J. and Shenker, Scott and Stoica, Ion},
 title = {Spark: Cluster Computing with Working Sets},
 series = {HotCloud'10},
} 

@inproceedings {zaharia2012,
author = {Matei Zaharia and Mosharaf Chowdhury and Tathagata Das and Ankur Dave and Justin Ma and Murphy McCauly and Michael J. Franklin and Scott Shenker and Ion Stoica},
title = {Resilient Distributed Datasets: A Fault-Tolerant Abstraction for In-Memory Cluster Computing},
booktitle = {NSDI},
year = {2012},
pages = {15--28}
}

@inproceedings{xin2013,
 author = {Xin, Reynold S. and Rosen, Josh and Zaharia, Matei and Franklin, Michael J. and Shenker, Scott and Stoica, Ion},
 title = {Shark: SQL and Rich Analytics at Scale},
 booktitle = {SIGMOD},
 year = {2013},
 pages = {13--24}
} 

@inproceedings{michael2014,
 author = {Scott Michael and Abhinav Thota and Robert Henschel},
 title = {HPCHadoop: A framework to run Hadoop on Cray X-series supercomputers},
 booktitle = {Cray USer Group (CUG)},
 year = {2014}
} 

@inproceedings{wang2014,
 author = {Yandong Wang and R. Goldstone and Weikuan Yu and  Teng Wang},
 title = {Characterization and Optimization of Memory-Resident MapReduce on HPC Systems},
 booktitle = {IPDPS},
 year = {2014},
pages = {799 - 808}
} 


@inproceedings{jha2014,
  author    = {Shantenu Jha and Judy Qiu and Andr{\'{e}} Luckow and Pradeep Kumar Mantha and Geoffrey Fox},
  title     = {A Tale of Two Data-Intensive Paradigms: Applications, Abstractions, and Architectures},
  booktitle = {{IEEE} Int. Congress on Big Data},
  pages     = {645--652},
  year      = {2014}
}

@article{mapreduce,
 author = {Dean, Jeffrey and Ghemawat, Sanjay},
 title = {MapReduce: Simplified Data Processing on Large Clusters},
 journal = {Commun. ACM},
 volume = {51},
 number = {1},
 year = {2008}
} 

@inproceedings{dryad,
 author = {Isard, Michael and Budiu, Mihai and Yu, Yuan and Birrell, Andrew and Fetterly, Dennis},
 title = {Dryad: Distributed Data-parallel Programs from Sequential Building Blocks},
 booktitle = {Proceedings of the 2Nd ACM SIGOPS/EuroSys European Conference on Computer Systems 2007},
 series = {EuroSys '07},
 year = {2007},
 isbn = {978-1-59593-636-3},
 location = {Lisbon, Portugal},
 pages = {59--72},
 numpages = {14},
 url = {http://doi.acm.org/10.1145/1272996.1273005},
 doi = {10.1145/1272996.1273005},
 acmid = {1273005},
 publisher = {ACM},
 address = {New York, NY, USA},
 keywords = {cluster computing, concurrency, dataflow, distributed programming},
} 

@article{BMV+12,
  author    = {Bahman Bahmani and Benjamin Moseley and Andrea Vattani and      Ravi Kumar and       Sergei Vassilvitskii},
  title     = {Scalable K-Means++},
  journal   = {{PVLDB}},
  volume    = {5},
  number    = {7},
  pages     = {622--633},
  year      = {2012}
}

@article{ASSU13,
  author    = {Foto N. Afrati and Anish Das Sarma and Semih Salihoglu and  Jeffrey D. Ullman},
  title     = {Upper and Lower Bounds on the Cost of a Map-Reduce Computation},
  journal   = {PVLDB},
  volume    = {6},
  number    = {4},
  year      = {2013},
  pages     = {277-288}
}


@book{Spark-book,
  author    = {Holden Karau and Andy Konwinski and Patrick Wendell and Matei Zaharia},
  title     = {Learning Spark, LIGHTNING-FAST DATA ANALYSIS},
  year      = {2015},
  publisher = {O'Reilly Media},
  isbn      = {978-1-449-35862-4},
}

@article{SC11,
  author    = {Michael Stonebraker and Rick Cattell},
  title     = {10 rules for scalable performance in 'simple operation' datastores},
  journal   = {Commun. ACM},
  volume    = {54},
  number    = {6},
  year      = {2011},
  pages     = {72-80}
}


@article{L+12,
 author = {Lee, Kyong-Ha and Lee, Yoon-Joon and Choi, Hyunsik and Chung, Yon Dohn and Moon, Bongki},
 title = {Parallel data processing with MapReduce: a survey},
 journal = {SIGMOD Rec.},
 issue_date = {December 2011},
 volume = {40},
 number = {4},
 month = jan,
 year = {2012},
 issn = {0163-5808},
 pages = {11--20},
 numpages = {10}
}

@inproceedings{BlanasPERST10,
  author    = {Spyros Blanas and Jignesh M. Patel and  Vuk Ercegovac and Jun Rao and   Eugene J. Shekita and    Yuanyuan Tian},
  title     = {A comparison of join algorithms for log processing in MaPreduce},
  booktitle = {SIGMOD},
  year      = {2010},
  pages     = {975-986}
}

@inproceedings{KBHR12,
  author    = {YongChul Kwon and  Magdalena Balazinska and    Bill Howe and   Jerome A. Rolia},
  title     = {SkewTune: mitigating skew in mapreduce applications},
  booktitle = {SIGMOD},
  year      = {2012},
  pages     = {25-36}
}


@inproceedings{HBY13,
  author    = {Botong Huang and   Shivnath Babu and   Jun Yang},
  title     = {Cumulon: optimizing statistical data analysis in the cloud},
  booktitle = {SIGMOD},
  year      = {2013},
  pages     = {1-12}
}

@inproceedings{GARK12,
  author    = {Benjamin Gufler and    Nikolaus Augsten and   Angelika Reiser and     Alfons Kemper},
  title     = {Load Balancing in MapReduce Based on Scalable Cardinality   Estimates},
  booktitle = {ICDE},
  year      = {2012},
  pages     = {522-533}
}

@article{DN13,
year={2013},
journal={The VLDB Journal},
title={A survey of large-scale analytical query processing in MapReduce},
author={Doulkeridis, Christos and N{\o}rv{\aa}g, Kjetil},
pages={1-26},
}

@inproceedings{BKS14,
  author    = {Paul Beame and  Paraschos Koutris and   Dan Suciu},
  title     = {Skew in parallel query processing},
  booktitle = {PODS},
  year      = {2014},
  pages     = {212-223}
}

@article{LOOW14,
  author    = {Feng Li and    Beng Chin Ooi and     M. Tamer {\"O}zsu and   Sai Wu},
  title     = {Distributed data management using MapReduce},
  journal   = {ACM Comput. Surv.},
  volume    = {46},
  number    = {3},
  year      = {2014},
  pages     = {31}
}

@inproceedings{OR14,
   author              = {Alper Okcan and               Mirek Riedewald},
   title               = {Anti-combining for MapReduce},
   booktitle           = {SIGMOD},
   year                = {2014},
   pages               = {839-850}
}

@article{JBK+14,
  author    = {Mark Jenne and     Owen Boberg and     Hasan Kurban and Mehmet M. Dalkilic},
  title     = {Studying the Milky Way Galaxy Using ParaHeap-k},
  journal   = {{IEEE} Computer},
  volume    = {47},
  number    = {9},
  pages     = {26--33},
  year      = {2014}
}

@inproceedings{ZMH09,
  author    = {Weizhong Zhao and     Huifang Ma and  Qing He},
  title     = {Parallel \emph{K}-Means Clustering Based on MapReduce},
  booktitle = {CloudCom},
  pages     = {674--679},
  year      = {2009}
}

@inproceedings{HDB,
 author = {Herodotou, Herodotos and Dong, Fei and Babu, Shivnath},
 title = {No one (cluster) size fits all: automatic cluster sizing for data-intensive analytics},
 booktitle = {SOCC},
 year = {2011},
 pages = {18:1--18:14}
} 


@article{GPF15,
 author = {Gunther, Neil J. and Puglia, Paul and Tomasette, Kristofer},
 title = {Hadoop Superlinear Scalability},
 journal = {Commun. ACM},
 volume = {58},
 number = {4},
 year = {2015},
 pages = {46--55},
}

@INPROCEEDINGS{Evangelinos08cloudcomputing,
    author = {Constantinos Evangelinos and Chris N. Hill},
    title = {Cloud Computing for parallel Scientific HPC Applications: Feasibility of Running Coupled Atmosphere-Ocean Climate Models on Amazon's EC2},
    booktitle = {Cloud Computing and its Applications (CCA)},
    year = {2008}
}

@inproceedings{gupta2011evaluation,
  title={Evaluation of hpc applications on cloud},
  author={Gupta, Abhishek and Milojicic, Dejan},
  booktitle={Open Cirrus Summit (OCS)},
  pages={22--26},
  year={2011}
}

@inproceedings{MaratheHLSRSY13,
  author    = {Aniruddha Marathe and
               Rachel Harris and
               David K. Lowenthal and
               Bronis R. de Supinski and
               Barry Rountree and
               Martin Schulz and
               Xin Yuan},
  title     = {A comparative study of high-performance computing on the cloud},
  booktitle = {HPDC},
  pages     = {239--250},
  year      = {2013}
}

@inproceedings{ref:aloja,
    author    = {Nicol{\'{a}}s Poggi and
               David Carrera and
               Aaron Call and
               Sergio Mendoza and
               Yolanda Becerra and
               Jordi Torres and
               Eduard Ayguad{\'{e}} and
               Fabrizio Gagliardi and
               Jes{\'{u}}s Labarta and
               Rob Reinauer and
               Nikola Vujic and
               Daron Green and
               Jose Blakeley},
    title     = {{ALOJA:} {A} systematic study of Hadoop deployment variables to enable
               automated characterization of cost-effectiveness},
    booktitle = {{IEEE} Intl. Conf. on Big Data},
    pages     = {905--913},
    year      = {2014}
}

@article{CGD+15,
  author    = {Andrew Crotty and      Alex Galakatos and     Kayhan Dursun and      Tim Kraska and      Carsten Binnig and      Ugur {\c{C}}etintemel and         Stan Zdonik},
  title     = {An Architecture for Compiling UDF-centric Workflows},
  journal   = {{PVLDB}},
  volume    = {8},
  number    = {12},
  pages     = {1466--1477},
  year      = {2015}
}
