@inproceedings{conf/bigmm/TousTA15,
  author = {Ruben Tous and Jordi Torres and Eduard Ayguade},
  biburl = {http://www.bibsonomy.org/bibtex/2d2509340dd0591ba8a3e3fe3f4dafcd5/dblp},
  booktitle = {BigMM},
  crossref = {conf/bigmm/2015},
  ee = {http://dx.doi.org/10.1109/BigMM.2015.39},
  interhash = {37e589b3754c515555ee3e9c544f09ef},
  intrahash = {d2509340dd0591ba8a3e3fe3f4dafcd5},
  isbn = {978-1-4799-8688-0},
  keywords = {dblp},
  pages = {144-147},
  publisher = {IEEE},
  timestamp = {2015-09-22T11:34:05.000+0200},
  title = {Multimedia Big Data Computing for In-Depth Event Analysis.},
  year = 2015
}

@inproceedings{conf/bigdataconf/TousGournaris15,
  author    = {Rub{\'{e}}n Tous and
               Anastasios Gounaris and
               Carlos Tripiana and
               Jordi Torres and
               Sergi Girona and
               Eduard Ayguad{\'{e}} and
               Jes{\'{u}}s Labarta and
               Yolanda Becerra and
               David Carrera and
               Mateo Valero},
  title     = {Spark deployment and performance evaluation on the MareNostrum supercomputer},
  booktitle = {2015 {IEEE} International Conference on Big Data, Big Data 2015, Santa
               Clara, CA, USA, October 29 - November 1, 2015},
  pages     = {299--306},
  year      = {2015},
  crossref  = {DBLP:conf/bigdataconf/2015},
  url       = {https://doi.org/10.1109/BigData.2015.7363768},
  doi       = {10.1109/BigData.2015.7363768},
  timestamp = {Sat, 16 Sep 2017 12:12:28 +0200},
  biburl    = {http://dblp.uni-trier.de/rec/bib/conf/bigdataconf/TousGTTGALBCV15},
  bibsource = {dblp computer science bibliography, http://dblp.org}
}

@inproceedings{conf/bigdataconf/Tous16,
  added-at = {2016-11-02T00:00:00.000+0100},
  author = { Tous, Ruben and Wust, Otto and Gomez, Mauro and Poveda, Jonatan and Elena, Marc and Torres, Jordi and Makni, Mouna and Ayguade, Eduard},
  publisher = {IEEE},
  title = {User-generated Content Curation with Deep Convolutional Neural Networks},
  year = 2016
}

@inproceedings{DBLP:conf/isca/LeeKCDKNSSCHSD10,
  author    = {Victor W. Lee and
               Changkyu Kim and
               Jatin Chhugani and
               Michael Deisher and
               Daehyun Kim and
               Anthony D. Nguyen and
               Nadathur Satish and
               Mikhail Smelyanskiy and
               Srinivas Chennupaty and
               Per Hammarlund and
               Ronak Singhal and
               Pradeep Dubey},
  title     = {Debunking the 100X {GPU} vs. {CPU} myth: an evaluation of throughput
               computing on {CPU} and {GPU}},
  booktitle = {37th International Symposium on Computer Architecture {(ISCA} 2010),
               June 19-23, 2010, Saint-Malo, France},
  pages     = {451--460},
  year      = {2010},
  crossref  = {DBLP:conf/isca/2010},
  url       = {http://doi.acm.org/10.1145/1815961.1816021},
  doi       = {10.1145/1815961.1816021},
  timestamp = {Thu, 16 Oct 2014 17:35:16 +0200},
  biburl    = {http://dblp.uni-trier.de/rec/bib/conf/isca/LeeKCDKNSSCHSD10},
  bibsource = {dblp computer science bibliography, http://dblp.org}
}

@inproceedings{conf/ipps/Fujimoto08,
  added-at = {2014-08-03T00:00:00.000+0200},
  author = {Fujimoto, N.},
  biburl = {https://www.bibsonomy.org/bibtex/2127e51cf0123496d5ce2d2ea99bad446/dblp},
  booktitle = {IPDPS},
  crossref = {conf/ipps/2008},
  ee = {http://doi.ieeecomputersociety.org/10.1109/IPDPS.2008.4536350},
  interhash = {dbeca642c2071b6527b118c3821bf21a},
  intrahash = {127e51cf0123496d5ce2d2ea99bad446},
  keywords = {dblp},
  pages = {1-8},
  publisher = {IEEE},
  timestamp = {2015-06-19T23:07:25.000+0200},
  title = {Faster matrix-vector multiplication on GeForce 8800GTX.},
  url = {http://dblp.uni-trier.de/db/conf/ipps/ipdps2008.html#Fujimoto08},
  year = 2008
}


