%%%%%%%%%%%%%%%%%%%%%%%
% INDEX      
% - My papers
%
%
%
%%%%%%%%%%%%%%%%%%%%%%%%

%%%%%%%%%%%%%%%%%%%%%%%
% MY PAPERS                                                         %
%%%%%%%%%%%%%%%%%%%%%%%

@thesis{tous2006,
  title={{Data Integration with XML and Semantic Web Technologies. Ph.D. Thesis. Universitat Pompeu Fabra (UPF), Spain.}},
  type={phdthesis}, 
  author={Ruben Tous},
  year={2006}
}

@inproceedings{tous2002news,
	Address = {Karlovy Vary, Czech Republic},
	Author = {Ruben Tous and Jaime Delgado},
	Booktitle = {6th International ICCC/IFIP Conference on Electronic Publishing (elPub 2002)},
	Key = {Tous2002},
	Month = {November},
	Title = {{Advanced Meta-Search of News in the Web}},
	Year = 2002}

@InProceedings{tous2003adaptors,
 	author = "Ruben Tous and Jaime Delgado",
 	title = "Interoperability Adaptors for Distributed Information Search on the Web",
  	year = "2003",
  	booktitle = "Proceedings of the International Conference on Electronic Publishing 2003. (ElPub 2003)"
}

@inproceedings{tous2007l7,
  title={L7, an MPEG-7 query framework},
  author={Tous, Ruben and Delgado, Jaime},
  booktitle={Automated Production of Cross Media Content for Multi-Channel Distribution, 2007. AXMEDIS'07. Third International Conference on},
  pages={256--263},
  year={2007},
  organization={IEEE}
}

@inproceedings{MPQF_combined_ruben_2007,
	Address = {Barcelona, Spain},
	Author = {Matthias Gruhne and Ruben Tous and Mario D\"oller and Jaime Delgado and Harald Kosch},
	Booktitle = {Proceedings of the 3rd International Conference on Automated Production of Cross Media Content for Multi-channel Distribution (AXMEDIS 2007)},
	Key = {Gruhne et al},
	Month = {November},
	Pages = {15-18},
	Title = {{MP7QF: An MPEG-7 Query Format}},
	Year = 2007
}

@article{MPQF_IEEE,
	Author = {Mario D\"oller and Ruben Tous and Matthias Gruhne and Kyoungro Yoon and Masanori Sano and Ian S. Burnett},
	Journal = {IEEE Multimedia, ISSN: 1070-986X, volume 15, issue 4},
	Key = {D\"oller et al},
	Pages = {82-95},
	Title = {{The MPEG Query Format: On the Way to Unify the Access to Multimedia Retrieval Systems}},
	Year = 2008
}

@article{tous2012uniform,
  title={Uniform query formalization in mobile visual search: From standards to practice},
  author={Tous, Ruben and Delgado, Jaime},
  journal={Signal Processing: Image Communication},
  year={2012},
  publisher={Elsevier}
}

@article{yoon2012jpsearch,
  title={JPSearch: New international standard providing interoperable framework for image search and sharing},
  author={Yoon, Kyoungro and Kim, Youngseop and Park, Je-Ho and Delgado, Jaime and Yamada, Akio and Dufaux, Frederic and Tous, Ruben}, 
  journal={Signal Processing: Image Communication},
  year={2012},
  publisher={Elsevier}
}

@article{JPSearchIEEEMM2012,
	author = {Mario Doeller and Ruben Tous and Frederik Temmermans and Kyoungro Yoon and Je-Ho Park and Youngseop Kim and Florian Stegmaier and Jaime Delgado},
	title = {JPEG's JPSearch Standard: Harmonizing Image Management and Search},
	journal ={IEEE Multimedia},
	volume = {99},
	number = {PrePrints},
	issn = {1070-986X},
	year = {2012},
	pages = {1},
	doi = {http://doi.ieeecomputersociety.org/10.1109/MMUL.2012.60},
	publisher = {IEEE Computer Society},
	address = {Los Alamitos, CA, USA},
}

@inproceedings{JPOnto2013,
	author = {Ruben Tous and Jaime Delgado and Frederik Temmermans and Bart Jansen and Peter Schelkens},
	title = {Towards Standardized Integration of Images in the Cloud of Linked Data},
	booktitle={ 2nd International Workshop on Methods, Evaluation, Tools and Applications for the Creation and Consumption of Structured Data for the e-Society (META4eS'13), Graz, Austria, 9-13 September 2013}  	 	 	
}

%%%%%%%%%%%%%%%%%%%%%%%
% FEDERATED SEARCH AND METADATA INTEROPERABILITY
%%%%%%%%%%%%%%%%%%%%%%%

@incollection{tous2011approaches,
  title={Approaches and standards for metadata interoperability in distributed image search and retrieval},
  author={Tous, Ruben and Nin, Jordi and Delgado, Jaime and Toran, Pere},
  booktitle={Database and Expert Systems Applications},
  pages={234--248},
  year={2011},
  publisher={Springer Berlin Heidelberg}
}

@article{nin2012variable,
  title={Variable linkage for multimedia metadata schema matching},
  author={Nin, Jordi and Tous, Ruben and Delgado, Jaime},
  journal={Multimedia Tools and Applications},
  pages={1--17},
  year={2012},
  publisher={Springer US}
}


%%%%%%%%%%%%%%%%%%%%%%%
%STANDARDS
%%%%%%%%%%%%%%%%%%%%%%%

@misc{mpeg7,
	Key = {MPEG7standard},
	Title = {{ISO/IEC 15938 Version 2. Information Technology - Multimedia Content Description Interface (MPEG-7)}},
	Year = {2004}
}

@misc{wg1n5995,
	Key = {wg1n5995},
	author = "Ruben Tous and Jaime Delgado",
	Title = {{ISO/IEC JTC1/SC29/WG1/N5995 Proposal for Innovations in Metadata Management in JPEG. Input document of the 57th JPEG meeting, February 2012, San Jose, US }}	
}
@misc{wg1n6369,
	Key = {wg1n6369},
	author = "Ruben Tous and Werner Bailer and Jaime Delgado and Frederik Temmermans",
	Title = {{ISO/IEC JTC1/SC29/WG1/N6369 JPEG Ontology for Image Description (JPOnto) WD 1.0. Output document of the 61st JPEG meeting, April 2013, Incheon, Korea }}	
}
@inproceedings{conf/bigdataconf/TousGournaris15,
  author    = {Rub{\'{e}}n Tous and
               Anastasios Gounaris and
               Carlos Tripiana and
               Jordi Torres and
               Sergi Girona and
               Eduard Ayguad{\'{e}} and
               Jes{\'{u}}s Labarta and
               Yolanda Becerra and
               David Carrera and
               Mateo Valero},
  title     = {Spark deployment and performance evaluation on the MareNostrum supercomputer},
  booktitle = {2015 {IEEE} International Conference on Big Data, Big Data 2015, Santa
               Clara, CA, USA, October 29 - November 1, 2015},
  pages     = {299--306},
  year      = {2015},
  crossref  = {DBLP:conf/bigdataconf/2015},
  url       = {https://doi.org/10.1109/BigData.2015.7363768},
  doi       = {10.1109/BigData.2015.7363768},
  timestamp = {Sat, 16 Sep 2017 12:12:28 +0200},
  biburl    = {http://dblp.uni-trier.de/rec/bib/conf/bigdataconf/TousGTTGALBCV15},
  bibsource = {dblp computer science bibliography, http://dblp.org}
}
@inproceedings{conf/bigmm/TousTA15,
  added-at = {2015-09-21T00:00:00.000+0200},
  author = {Tous, Rubén and Torres, Jordi and Ayguadé, Eduard},
  biburl = {http://www.bibsonomy.org/bibtex/2d2509340dd0591ba8a3e3fe3f4dafcd5/dblp},
  booktitle = {BigMM},
  crossref = {conf/bigmm/2015},
  ee = {http://dx.doi.org/10.1109/BigMM.2015.39},
  interhash = {37e589b3754c515555ee3e9c544f09ef},
  intrahash = {d2509340dd0591ba8a3e3fe3f4dafcd5},
  isbn = {978-1-4799-8688-0},
  keywords = {dblp},
  pages = {144-147},
  publisher = {IEEE},
  timestamp = {2015-09-22T11:34:05.000+0200},
  title = {Multimedia Big Data Computing for In-Depth Event Analysis.},
  url = {http://dblp.uni-trier.de/db/conf/bigmm/bigmm2015.html\#TousTA15},
  year = 2015
}
@inproceedings{conf/bigdataconf/Tous16,
  added-at = {2016-11-02T00:00:00.000+0100},
  author = {Tous, Ruben and Wust, Otto and Gomez, Mauro and Poveda, Jonatan and Elena, Marc and Torres, Jordi and Makni, Mouna and Ayguade, Eduard},
  publisher = {IEEE},
  title = {User-generated Content Curation with Deep Convolutional Neural Networks},
  year = 2016
}

