%%%%%%%%%%%%%%%%%%%%%%%
% INDEX      
% - My papers
%
%
%
%%%%%%%%%%%%%%%%%%%%%%%%

%%%%%%%%%%%%%%%%%%%%%%%
% MY PAPERS                                                         %
%%%%%%%%%%%%%%%%%%%%%%%


@InProceedings{viola2001,
 	author = "Paul Viola and Michael Jones",
 	title = "Rapid Object Detection using a Boosted Cascade of Simple Features",
  	year = "2001",
  	booktitle = "Proceedings Conference on Computer Vision and Pattern Recognition (CVPR), 2001, pp. 511-518"
}

@article{viola2004,
	Author = {Paul Viola and Michael Jones},
	Journal = {Journal of Computer Vision 57(2)},	
	Pages = {137-154},
	Title = {{Robust real-time face detection}},
	Year = 2004
}

@misc{opencv,	
	Title = {{OpenCV}},	
	note = "See http:/\slash /opencv.willowgarage.com\slash wiki/" }
}

@InProceedings{soriano2000,
 	author = "M. Soriano and S. Huovinen and B. Martinkauppi and M. Laaksonen",
 	title = "Using the Skin Locus to Cope with Changing Illumination Conditions in Color-Based Face Tracking",
  	year = "2000",
  	booktitle = "Proc. of IEEE Nordic Signal Processing Symposium, pp. 383-386"
}

@article{phung2005,
	Author = {S. L. Phung and A. Bouzerdoum and D. Chai,},
	Journal = { IEEE  transactions  on  pattern  analysis  and machine intelligence, vol. 27, no. 1, pp. 148-154, 2005},	
	Pages = {137-154},
	Title = {{Skin Segmentation Using Color Pixel  Classification:  Analysis  and Comparison}},
	Year = 2005
}

@InProceedings{turk1991,
 	author = "Turk, M.A.; Pentland, A.P",
 	title = "Face recognition using eigenfaces",
  	year = "1991",
  	booktitle = "Conference on Computer Vision and Pattern Recognition, 1991. Proceedings CVPR '91"
}

@article{torres2001,
	Author = {L. Torres and J. Vilï¿½},
	Journal = {Pattern Recognition. Vol 35/3,  pp. 615-625, December 2001},	
	Pages = {615-625},
	Title = {{Automatic face recognition for video indexing applications}},
	Year = 2001
}

@article{lda,
 author = {Belhumeur, Peter N. and Hespanha, Jo\~{a}o P. and Kriegman, David J.},
 title = {Eigenfaces vs. Fisherfaces: Recognition Using Class Specific Linear Projection},
 journal = {IEEE Trans. Pattern Anal. Mach. Intell.},
 issue_date = {July 1997},
 volume = {19},
 number = {7},
 month = jul,
 year = {1997},
 issn = {0162-8828},
 pages = {711--720},
 numpages = {10},
 url = {http://dx.doi.org/10.1109/34.598228},
 doi = {10.1109/34.598228},
 acmid = {261512},
 publisher = {IEEE Computer Society},
 address = {Washington, DC, USA},
 keywords = {Appearance-based vision, face recognition, illumination invariance, Fisher's linear discriminant.},
} 

@inproceedings{pedestrian_detection,
 author = {Dalal, Navneet and Triggs, Bill and Schmid, Cordelia},
 title = {Human Detection Using Oriented Histograms of Flow and Appearance},
 booktitle = {Proceedings of the 9th European Conference on Computer Vision - Volume Part II},
 series = {ECCV'06},
 year = {2006},
 isbn = {3-540-33834-9, 978-3-540-33834-5},
 location = {Graz, Austria},
 pages = {428--441},
 numpages = {14},
 url = {http://dx.doi.org/10.1007/11744047_33},
 doi = {10.1007/11744047_33},
 acmid = {2168522},
 publisher = {Springer-Verlag},
 address = {Berlin, Heidelberg},
} 





